
@online{wikiObserver,
  author = {wikipedia.org},
  title = {Beobachter (Entwurfsmuster)},
  year = 2015,
  url = {http://de.wikipedia.org/wiki/Beobachter_%28Entwurfsmuster%29},
  urldate = {2015-04-19}
}

@online{paulObserver,
  author = {Philipp Hauer},
  title = {Das Observer Design Pattern},
  year = 2015,
  url = {www.philipphauer.de/study/se/design-pattern/observer.php},
  urldate = {2015-04-19}
}

@misc{oldDoku,
author 	= {Johannes Hunn and Marco Israel and Aymen Gam},
year 	= {2015},
title 	= {Design Pattern mit IBM Rhapsody},
note	= {Semesterprojekt im Wintersemester 2014/2015},
}

@online{singelton,
  author = {Ralf Schneewei√ü},
  title = {Das Singleton Muster in C++},
  year = 2015,
  url = {http://www.oop-trainer.de/Themen/Singleton.html},
  urldate = {2015-04-19}
}

@online{singelton2,
  author = {Marko Oette},
  title = {Singletons richtig verwenden (C++)},
  year = 2015,
  url = {https://oette.wordpress.com/2009/09/11/singletons-richtig-verwenden/},
  urldate = {2015-04-19}
}

@book{douglass2010design,
  title={Design Patterns for Embedded Systems in C: An Embedded Software Engineering Toolkit},
  author={Douglass, B.P.},
  isbn={9780080959719},
  url={https://books.google.de/books?id=UnpIKZmodSAC},
  year={2010},
  publisher={Elsevier Science}
}
